% Encoding: UTF-8

@Misc{ransac,
  url = {https://de.wikipedia.org/wiki/RANSAC-Algorithmus},
}

@Misc{wdf,
  url = {https://de.wikipedia.org/wiki/Wahrscheinlichkeitsdichtefunktion},
}

@Misc{order-accuracy,
  url = {https://en.wikipedia.org/wiki/Order_of_accuracy},
}

@Comment{jabref-meta: databaseType:bibtex;}
